@misc{nlab:comma_category,
  author = {{nLab authors}},
  title = {comma category},
  howpublished = {\url{https://ncatlab.org/nlab/show/comma+category}},
  note = { \href{https://ncatlab.org/nlab/revision/comma+category/63}{Revision
          63} },
  month = jul,
  year = 2025,
}

